@ARTICLE{flynn,
	author={Flynn, Michael J.},
	journal={IEEE Transactions on Computers},
	title={Some Computer Organizations and Their Effectiveness},
	year={1972},
	volume={C-21},
	number={9},
	pages={948-960},
	doi={10.1109/TC.1972.5009071}
}

@misc{Intrinsics,
	author = {Intel},
	title = {Intrinsics},
	year={2021},
	url = {https://www.intel.com/content/www/us/en/docs/cpp-compiler/developer-guide-reference/2021-8/intrinsics.html},
}

@misc{const,
	author = {Konstantin},
	title = {Improving performance with SIMD intrinsics in three use cases},
	year={2020},
	url = {https://stackoverflow.blog/2020/07/08/improving-performance-with-simd-intrinsics-in-three-use-cases},
}
